<collection xmlns="http://www.loc.gov/MARC21/slim">
<record>
  <leader>01195nam0a2200253 i 450 </leader>
  <controlfield tag="001">IT\ICCU\CNCE\063963</controlfield>
  <controlfield tag="005">20070215000000.0</controlfield>
  <datafield tag="012" ind1=" " ind2=" ">
    <subfield code="a">:)le iaca o,ni e,e, (C) 1590 (A)</subfield>
    <subfield code="2">fei</subfield>
  </datafield>
  <datafield tag="100" ind1=" " ind2=" ">
    <subfield code="a">20060201d1590        0itac0103    ba</subfield>
  </datafield>
  <datafield tag="101" ind1=" " ind2=" ">
    <subfield code="a">ITA</subfield>
  </datafield>
  <datafield tag="102" ind1=" " ind2=" ">
    <subfield code="a">IT</subfield>
  </datafield>
  <datafield tag="200" ind1="1" ind2=" ">
    <subfield code="a">Al virtuoso, valoroso, e nobile grande alberghetto, e felice Academia di tutti i letterati de la patria, queste del Franchin roze, e aspre primitie con se medesmo, e con la sua familia lo stampatore humile dona, e dedica</subfield>
  </datafield>
  <datafield tag="210" ind1=" " ind2=" ">
    <subfield code="a">In Treuigi</subfield>
    <subfield code="c">presso Angelo Mazzolini</subfield>
    <subfield code="d">1590</subfield>
  </datafield>
  <datafield tag="215" ind1=" " ind2=" ">
    <subfield code="a">\4! c.</subfield>
    <subfield code="d">4ʻ</subfield>
  </datafield>
  <datafield tag="620" ind1=" " ind2=" ">
    <subfield code="a">IT</subfield>
    <subfield code="d">Treviso</subfield>
  </datafield>
  <datafield tag="700" ind1=" " ind2="1">
    <subfield code="a">Franchini,</subfield>
    <subfield code="b">Pietro</subfield>
    <subfield code="3">IT\ICCU\CNCA\012075</subfield>
  </datafield>
  <datafield tag="712" ind1="0" ind2="0">
    <subfield code="a">Mazzolini, Angelo</subfield>
    <subfield code="3">IT\ICCU\CNCT\000961</subfield>
    <subfield code="4">650</subfield>
  </datafield>
  <datafield tag="790" ind1=" " ind2="1">
    <subfield code="a">Franchino,</subfield>
    <subfield code="b">Pietro</subfield>
    <subfield code="3">IT\ICCU\CNCA\022191</subfield>
    <subfield code="z">Franchini, Pietro</subfield>
  </datafield>
  <datafield tag="790" ind1=" " ind2="1">
    <subfield code="a">Franchinus,</subfield>
    <subfield code="b">Petrus</subfield>
    <subfield code="3">IT\ICCU\CNCA\022192</subfield>
    <subfield code="z">Franchini, Pietro</subfield>
  </datafield>
  <datafield tag="791" ind1="0" ind2="0">
    <subfield code="a">Mazzolinus, Angelus</subfield>
    <subfield code="3">IT\ICCU\CNCT\005147</subfield>
    <subfield code="z">Mazzolini, Angelo</subfield>
  </datafield>
  <datafield tag="801" ind1=" " ind2="3">
    <subfield code="a">IT</subfield>
    <subfield code="b">ICCU</subfield>
    <subfield code="c">20201115</subfield>
  </datafield>
  <datafield tag="899" ind1=" " ind2=" ">
    <subfield code="a">Biblioteca comunale. Treviso</subfield>
    <subfield code="1">TV0114</subfield>
    <subfield code="2">VIA CT</subfield>
  </datafield>
  <datafield tag="911" ind1=" " ind2=" ">
    <subfield code="a">Sul front.</subfield>
    <subfield code="9">IT\ICCU\CNCM\001992</subfield>
  </datafield>
  <datafield tag="921" ind1=" " ind2=" ">
    <subfield code="a">IT\ICCU\CNCM\001992</subfield>
    <subfield code="b">Tre gigli in un&apos;anfora sorretta da due putti alati. Iniziale F.</subfield>
    <subfield code="c">V244</subfield>
    <subfield code="f">GIGLI</subfield>
    <subfield code="g">1589-1590</subfield>
  </datafield>
</record>
</collection>
